@misc{rfc5015,
  author="M. Handley and I. Kouvelas and T. Speakman and L. Vicisano",
  title="{Bidirectional Protocol Independent Multicast (BIDIR-PIM)}",
  series="Request for Comments",
  number="5015",
  howpublished="RFC 5015 (Proposed Standard)",
  publisher="IETF",
  organization="Internet Engineering Task Force",
  year=2007,
  month=oct,
    url="http://www.ietf.org/rfc/rfc5015.txt",
}

@misc{rfc2236,
  author="W. Fenner",
  title="{Internet Group Management Protocol, Version 2}",
  series="Request for Comments",
  number="2236",
  howpublished="RFC 2236 (Proposed Standard)",
  publisher="IETF",
  organization="Internet Engineering Task Force",
  year=1997,
  month=nov,
    note="Updated by RFC 3376",
  url="http://www.ietf.org/rfc/rfc2236.txt",
}

@misc{rfc966,
  author="S.E. Deering and D.R. Cheriton",
  title="{Host groups: A multicast extension to the Internet Protocol}",
  series="Request for Comments",
  number="966",
  howpublished="RFC 966",
  publisher="IETF",
  organization="Internet Engineering Task Force",
  year=1985,
  month=dec,
    note="Obsoleted by RFC 988",
  url="http://www.ietf.org/rfc/rfc966.txt",
}

@misc{rfc1112,
  author="S.E. Deering",
  title="{Host extensions for IP multicasting}",
  series="Request for Comments",
  number="1112",
  howpublished="RFC 1112 (INTERNET STANDARD)",
  publisher="IETF",
  organization="Internet Engineering Task Force",
  year=1989,
  month=aug,
    note="Updated by RFC 2236",
  url="http://www.ietf.org/rfc/rfc1112.txt",
}

@misc{rfc3376,
  author="B. Cain and S. Deering and I. Kouvelas and B. Fenner and A. Thyagarajan",
  title="{Internet Group Management Protocol, Version 3}",
  series="Request for Comments",
  number="3376",
  howpublished="RFC 3376 (Proposed Standard)",
  publisher="IETF",
  organization="Internet Engineering Task Force",
  year=2002,
  month=oct,
    note="Updated by RFC 4604",
  url="http://www.ietf.org/rfc/rfc3376.txt",
}

@misc{rfc826,
  author="D. Plummer",
  title="{Ethernet Address Resolution Protocol: Or Converting Network Protocol Addresses to 48.bit Ethernet Address for Transmission on Ethernet Hardware}",
  series="Request for Comments",
  number="826",
  howpublished="RFC 826 (INTERNET STANDARD)",
  publisher="IETF",
  organization="Internet Engineering Task Force",
  year=1982,
  month=nov,
    note="Updated by RFCs 5227, 5494",
  url="http://www.ietf.org/rfc/rfc826.txt",
}

@misc{rfc4541,
  author="M. Christensen and K. Kimball and F. Solensky",
  title="{Considerations for Internet Group Management Protocol (IGMP) and Multicast Listener Discovery (MLD) Snooping Switches}",
  series="Request for Comments",
  number="4541",
  howpublished="RFC 4541 (Informational)",
  publisher="IETF",
  organization="Internet Engineering Task Force",
  year=2006,
  month=may,
    url="http://www.ietf.org/rfc/rfc4541.txt",
}

@misc{birdweb,
  title="{The BIRD Internet Routing Daemon Project}",
  howpublished = {\url{http://bird.network.cz}},
}

@misc{linux,
    title="{Linux kernel source tree}",
    howpublished = {\url{https://git.kernel.org/cgit/linux/kernel/git/torvalds/linux.git/}},
    note={Version 4.5, released 2016-03-14}
}
